@book{typo,
  author    = {},
  title     = {Lexique des règles typographiques en usage à l'Imprimerie nationale},
  publisher = {L'Imprimerie nationale},
  year      = {2002},
  address   = {Paris},
  isbn      = {2-7433-0482-0}
}

@online{knuthwebsite,
  author   = {Donald Knuth},
  title    = {Knuth: Computers and Typesetting},
  url      = {http://www-cs-faculty.stanford.edu/~uno/abcde.html},
  addendum = {(accessed: 01.09.2016)},
  keywords = {latex,knuth}
}

@online{TotalEnergies,
  author   = {TotalEnergies},
  title    = {Quelle est la composition des différents carburants ?},
  url      = {https://services.totalenergies.fr/particuliers/conseils/energies-vehicules/carburants-thermiques/composition-des-differents-carburants},
  addendum = {(accessed: 22.02.2023)},
  keywords = {essence,composition}
}

@online{Hydrocarbures,
  author   = {Université Mohammed V / Faculté des sciences / Master/ Applications des spectrométries Infrarouge et Raman/ A. EL HAJJI },
  title    = {Hydrocarbures},
  url      = {http://www.fsr.ac.ma/DOC/cours/chimie/El%20hajji/master%20de%20chimie%20spectroscopie%20de%20vibration/master%20de%20chimie%20Partie%20II%20Chapitre%20II%20les_hydrocarbures.pdf},
  addendum = {(accessed: 22.02.2023)},
  keywords = {Hydrocarbures,transmittance}
}

@online{Bitume,
  author   = {Mouhamad Mouazen},
  title    = {Evolution of rheological properties of nuclear bituminized waste products, towards an ageing/viscosity law},
  url      = {https://www.researchgate.net/publication/281355128_Evolution_of_rheological_properties_of_nuclear_bituminized_waste_products_towards_an_ageingviscosity_law/link/571db53f08ae6eb94d0e56e8/download},
  addendum = {(accessed: 22.02.2023)},
  keywords = {Goudron,transmittance}
}

@online{Béton,
  author   = {Pengkun Hou, Rui Zhang, Xin Cheng},
  title    = {Evolution of rheological properties of nuclear bituminized waste products, towards an ageing/viscosity law},
  url      = {https://www.researchgate.net/publication/265339135_Case_study_of_the_gradient_features_of_in-situ_concrete/link/5437a1ba0cf2d5fa292b4962/download},
  addendum = {(accessed: 22.02.2023)},
  keywords = {Béton,transmittance}
}

@online{ISO,
  author   = {Pengkun Hou, Rui Zhang, Xin Cheng},
  title    = {Norme ISO 20473:2007},
  url      = {https://www.iso.org/fr/standard/39482.html},
  addendum = {(accessed: 22.02.2023)},
  keywords = {Norme,iso,spectre}
}

@online{MKR,
  author   = {Arduino},
  title    = {Datasheet Arduino MKR wiwi 1010},
  url      = {https://docs.arduino.cc/static/7e4dc34d1c6cbb25a6b9812d5a2d638a/ABX00023-datasheet.pdf},
  addendum = {(accessed: 24.02.2023)},
  keywords = {Arduino,MKR,wifi,board,emboarded}
}

@online{camera,
  author   = {Rapsberry Pi},
  title    = {Datasheet camera module 3},
  url      = {https://datasheets.raspberrypi.com/camera/camera-module-3-product-brief.pdf},
  addendum = {(accessed: 24.02.2023)},
  keywords = {Rapsberry Pi,datasheet,camera,module 3}
}

@article{einstein,
  author   = {Albert Einstein},
  title    = {{Zur Elektrodynamik bewegter K{\"o}rper}. ({German})
              [{On} the electrodynamics of moving bodies]},
  journal  = {Annalen der Physik},
  volume   = {322},
  number   = {10},
  pages    = {891--921},
  year     = {1905},
  doi      = {http://dx.doi.org/10.1002/andp.19053221004},
  keywords = {physics}
}

@book{dirac,
  title     = {The Principles of Quantum Mechanics},
  author    = {Paul Adrien Maurice Dirac},
  isbn      = {9780198520115},
  series    = {International series of monographs on physics},
  year      = {1981},
  publisher = {Clarendon Press},
  keywords  = {physics}
}

@online{prise,
  author   = {brink.eu},
  title    = {Choisir et utiliser la bonne prise},
  url      = {https://brink.eu/fr-ch/a-propos-de-brink/blog/choisir-et-utiliser-la-bonne-prise/},
  addendum = {(accessed: 02.03.2023)},
  keywords = {prise, 13 broches, remorque}
}

@online{code_camera,
  author   = {Chriruk},
  title    = {Video Streaming with Raspberry Pi Camera},
  url      = {https://github.com/raspberrypi/picamera2/blob/main/examples/mjpeg_server.py},
  addendum = {(accessed: 08.03.2023)},
  keywords = {camera, raspberrypi, stream}
}

@online{picamera2,
  author   = {Raspberry Pi Ltd},
  title    = {The Picamera2 library},
  url      = {https://datasheets.raspberrypi.com/camera/picamera2-manual.pdf},
  addendum = {(accessed: 08.03.2023)},
  keywords = {camera, raspberrypi, Picamera2}
}

@online{ledIR,
  author   = {ams OSRAM},
  title    = {SFH 4555},
  url      = {https://www.mouser.ch/ProductDetail/ams-OSRAM/SFH-4555?qs=VcOkZLzzauZt30jRKNAFMA%3D%3D&countryCode=CH&currencyCode=CHF},
  addendum = {(accessed: 21.03.2023)},
  keywords = {Led, IR}
}

@online{support_Rpi_3D,
  title      = {Raspberry Pi 4 DIN Rail Mount par uwearzt},
  author     = {uwearzt},
  url        = {https://www.printables.com/model/34223-raspberry-pi-4-din-rail-mount},
  abstract   = {Mounting Plate for a Raspberry Pi 4 to be mounted on a {DIN} Rail. {\textbar} Téléchargez gratuitement des modèles {STL} imprimables 3D},
  titleaddon = {Printables.com},
  urldate    = {2023-04-17},
  langid     = {french},
  file       = {Snapshot:C\:\\Users\\adria\\Zotero\\storage\\PWCDGP36\\files.html:text/html}
}

@online{opencv,
  title   = {{OpenCV}: {OpenCV}-Python Tutorials},
  author  = {OpenCV},
  url     = {https://docs.opencv.org/4.x/d6/d00/tutorial_py_root.html},
  urldate = {2023-04-21}
}

@online{skimage,
  title   = {skimage — skimage v0.20.0 docs},
  author  = {skimage},
  url     = {https://scikit-image.org/docs/stable/api/skimage.html},
  urldate = {2023-04-21}
}

@online{rpio,
  title   = {Welcome to {RPIO}’s documentation! — {RPIO} 0.10.0 documentation},
  author  = {Raspberrypi},
  url     = {https://pythonhosted.org/RPIO/},
  urldate = {2023-04-21}
}

@online{ed_raspberry_2020,
  title      = {Raspberry Pi {GPIO} Interrupts Tutorial},
  url        = {https://roboticsbackend.com/raspberry-pi-gpio-interrupts-tutorial/},
  abstract   = {Learn why, when, and how to use interrupts with {GPIOs} on your Raspberry Pi programs. Complete tutorial with code examples in Python, using {RPi}.{GPIO} module.},
  titleaddon = {The Robotics Back-End},
  author     = {ed},
  urldate    = {2023-04-29},
  date       = {2020-02-03},
  langid     = {american},
  file       = {Snapshot:C\:\\Users\\adria\\Zotero\\storage\\P44IMRXK\\raspberry-pi-gpio-interrupts-tutorial.html:text/html}
}

@online{pinning_Rpi4,
  author   = {Raspberry Pi},
  title    = {Raspberry Pi Documentation - Raspberry Pi {OS}},
  url      = {https://www.raspberrypi.com/documentation/computers/os.html},
  abstract = {The official documentation for Raspberry Pi computers and microcontrollers},
  urldate  = {2023-05-02},
  langid   = {english},
  file     = {Snapshot:C\:\\Users\\adria\\Zotero\\storage\\FBXL8DIM\\os.html:text/html}
}

@online{soren_how-_2013,
  title      = {How-To: Turn a Raspberry Pi into a {WiFi} router {\textbar} Raspberry Pi {HQ}},
  url        = {https://raspberrypihq.com/how-to-turn-a-raspberry-pi-into-a-wifi-router/},
  shorttitle = {How-To},
  abstract   = {Do you want a separate {WiFi} network for your guests? or would you like to have network running an alternative {DNS} configuration in your house? You no longer have to buy a new {WiFi} router Read more…},
  author     = {{Soren}},
  urldate    = {2023-05-02},
  date       = {2013-12-05},
  langid     = {american},
  file       = {Snapshot:C\:\\Users\\adria\\Zotero\\storage\\WHH3EQ2Q\\how-to-turn-a-raspberry-pi-into-a-wifi-router.html:text/html}
}
